[gd_scene load_steps=32 format=2]

[ext_resource path="res://font/dos-font-med.tres" type="DynamicFont" id=1]
[ext_resource path="res://font/dos-font-large.tres" type="DynamicFont" id=2]
[ext_resource path="res://3dscene/blender/objects/Seashell.scn" type="PackedScene" id=3]
[ext_resource path="res://3dscene/blender/surreal.escn" type="PackedScene" id=4]
[ext_resource path="res://3dscene/OmniLight.gd" type="Script" id=5]
[ext_resource path="res://3dscene/SlowSpinner.gd" type="Script" id=6]
[ext_resource path="res://3dscene/blender/objects/Torus.scn" type="PackedScene" id=7]
[ext_resource path="res://3dscene/blender/objects/GemLike.scn" type="PackedScene" id=8]
[ext_resource path="res://3dscene/blender/objects/Star.scn" type="PackedScene" id=9]
[ext_resource path="res://3dscene/blender/objects/Poly1.scn" type="PackedScene" id=10]
[ext_resource path="res://3dscene/blender/objects/Poly2.scn" type="PackedScene" id=11]
[ext_resource path="res://3dscene/blender/objects/Poly3.scn" type="PackedScene" id=12]
[ext_resource path="res://3dscene/blender/objects/Teapot.scn" type="PackedScene" id=13]
[ext_resource path="res://3dscene/blender/objects/honeycomb.scn" type="PackedScene" id=14]
[ext_resource path="res://3dscene/3d-scene.gd" type="Script" id=15]
[ext_resource path="res://3dscene/blender/surreal/LandSurface.material" type="Material" id=16]
[ext_resource path="res://3dscene/blender/surreal/WaterSurface.material" type="Material" id=17]
[ext_resource path="res://3dscene/blender/objects/honeycomb.material" type="Material" id=18]
[ext_resource path="res://3dscene/blender/objects/Star.material" type="Material" id=19]
[ext_resource path="res://3dscene/scene_palettes/ScenePalette16.tres" type="Resource" id=20]
[ext_resource path="res://3dscene/blender/objects/GemLike.material" type="Material" id=21]
[ext_resource path="res://3dscene/blender/objects/Torus.material" type="Material" id=22]
[ext_resource path="res://3dscene/blender/objects/Seashell.material" type="Material" id=23]
[ext_resource path="res://3dscene/blender/objects/Poly1.material" type="Material" id=24]
[ext_resource path="res://3dscene/LazyCamera.gd" type="Script" id=25]

[sub_resource type="Curve3D" id=1]
bake_interval = 25.0
_data = {
"points": PoolVector3Array( 3.7206, 2.03732, -16.8441, -3.7206, -2.03732, 16.8441, -53.7116, 3.43367, 37.8742, -12.9762, 0.160763, 13.8864, 12.9762, -0.160763, -13.8864, 41.3493, 4.12982, 48.2716, 14.3693, -0.2318, 8.40397, -14.3693, 0.2318, -8.40397, 30.8318, -0.935146, -3.4649, 11.0531, -0.42742, -8.90575, -11.0531, 0.42742, 8.90575, -20.0809, 5.94133, -0.817413, 3.7206, 2.03732, -16.8441, -3.7206, -2.03732, 16.8441, -53.7116, 3.43367, 37.8742 ),
"tilts": PoolRealArray( 0, 0, 0, 0, 0 )
}

[sub_resource type="Animation" id=2]
length = 10.0
loop = true
tracks/0/type = "value"
tracks/0/path = NodePath("Follower:unit_offset")
tracks/0/interp = 1
tracks/0/loop_wrap = true
tracks/0/imported = false
tracks/0/enabled = true
tracks/0/keys = {
"times": PoolRealArray( 0, 10 ),
"transitions": PoolRealArray( 1, 1 ),
"update": 0,
"values": [ 0.0, 1.0 ]
}

[sub_resource type="ProceduralSky" id=3]

[sub_resource type="Environment" id=4]
background_mode = 1
background_sky = SubResource( 3 )
background_color = Color( 0, 1, 0.87451, 1 )
ambient_light_color = Color( 0.458824, 0.235294, 0.211765, 1 )
fog_color = Color( 0, 1, 0.882353, 1 )
fog_depth_begin = 90.0
fog_depth_curve = 3.605
ssao_intensity = 51.5
dof_blur_far_distance = 93.52
dof_blur_far_amount = 0.14
dof_blur_far_quality = 0
glow_levels/1 = true
glow_levels/2 = true
glow_levels/3 = false
glow_levels/5 = false
glow_intensity = 0.18
glow_bloom = 0.34
glow_blend_mode = 0
glow_bicubic_upscale = true

[sub_resource type="SpatialMaterial" id=5]
flags_transparent = true
flags_unshaded = true
flags_no_depth_test = true
flags_do_not_receive_shadows = true

[sub_resource type="ViewportTexture" id=6]
viewport_path = NodePath("TextViewport")

[node name="3DScene" type="Spatial"]
script = ExtResource( 15 )
land_mat = ExtResource( 16 )
river_mat = ExtResource( 17 )
cam_nodepath = NodePath("Camera")
primary1_mat = ExtResource( 22 )
primary2_mat = ExtResource( 18 )
primary3_mat = ExtResource( 23 )
primary4_mat = ExtResource( 21 )
primary5_mat = ExtResource( 19 )
primary6_mat = ExtResource( 24 )
scene_palette = ExtResource( 20 )

[node name="TextViewport" type="Viewport" parent="."]
size = Vector2( 512, 512 )
transparent_bg = true
hdr = false
disable_3d = true
usage = 1
render_target_v_flip = true

[node name="TextContainer" type="Control" parent="TextViewport"]
anchor_right = 1.0
anchor_bottom = 1.0
__meta__ = {
"_edit_use_anchors_": false
}

[node name="RichTextLabel" type="RichTextLabel" parent="TextViewport/TextContainer"]
anchor_right = 1.0
anchor_bottom = 1.0
custom_fonts/bold_font = ExtResource( 2 )
custom_fonts/normal_font = ExtResource( 1 )
bbcode_enabled = true
bbcode_text = "[center][b]DOS GAME SHADER[/b]




Gaming like it's 1992![/center]"
meta_underlined = false
text = "DOS GAME SHADER




Gaming like it's 1992!"
scroll_active = false

[node name="DirectionalLight" type="DirectionalLight" parent="."]
transform = Transform( 0.517421, 0.567023, -0.640906, -0.288986, 0.820741, 0.49282, 0.805458, -0.0697827, 0.58853, -3.99545, 0, 0 )
light_energy = 3.0
shadow_enabled = true

[node name="FillLight" type="DirectionalLight" parent="."]
transform = Transform( 0.517421, -0.660254, 0.544371, -0.288986, -0.733596, -0.615081, 0.805458, 0.16094, -0.570382, -19.0996, 8.43584, -23.5123 )
light_color = Color( 0.713726, 0.980392, 0.823529, 1 )
light_energy = 0.9

[node name="Pulsating Light" type="OmniLight" parent="."]
transform = Transform( 1, 0, 0, 0, 1, 0, 0, 0, 1, -2.00749, 0.202648, -19.2192 )
light_color = Color( 1, 0, 0, 1 )
light_energy = 20.0
light_indirect_energy = 6.59
light_specular = 1.0
omni_range = 8.2
omni_attenuation = 0.258818
script = ExtResource( 5 )
strength = 20.0
speed = 8.0

[node name="CamFollowPath" type="Path" parent="."]
transform = Transform( 1, 0, 0, 0, 1, 0, 0, 0, 1, 0, 0, -9.21021 )
curve = SubResource( 1 )

[node name="Follower" type="PathFollow" parent="CamFollowPath"]
transform = Transform( 0.0590913, 0.157172, -0.985646, 0.0711992, 0.984348, 0.161184, 0.995577, -0.0797249, 0.0469747, 16.9203, 0.477642, -7.92672 )
offset = 172.06
rotation_mode = 4

[node name="AnimationPlayer" type="AnimationPlayer" parent="CamFollowPath"]
autoplay = "Camera"
playback_speed = 0.3
anims/Camera = SubResource( 2 )

[node name="Camera" type="Camera" parent="."]
environment = SubResource( 4 )
current = true
script = ExtResource( 25 )
following = NodePath("../CamFollowPath/Follower")

[node name="Floating Text" type="Sprite3D" parent="Camera"]
transform = Transform( 1.13884, 0, 0, 0, 1.13884, 0, 0, 0, 1, 0, -2.31347, -1.12382 )
material_override = SubResource( 5 )
cast_shadow = 0
double_sided = false
texture = SubResource( 6 )

[node name="surreal" parent="." instance=ExtResource( 4 )]

[node name="Objects" type="Spatial" parent="."]

[node name="Star" parent="Objects" instance=ExtResource( 9 )]
transform = Transform( 1.90987, 4.62087, 2.01984e-07, 6.5135e-15, -2.18557e-07, 5, 4.62087, -1.90987, -8.3483e-08, 67.4028, 5.76331, 37.6043 )

[node name="Star2" parent="Objects" instance=ExtResource( 9 )]
transform = Transform( 1.90987, 4.62087, 2.01984e-07, 6.5135e-15, -2.18557e-07, 5, 4.62087, -1.90987, -8.3483e-08, 63.6947, 5.76331, 28.6327 )

[node name="Star3" parent="Objects" instance=ExtResource( 9 )]
transform = Transform( 1.90987, 4.62087, 2.01984e-07, 6.5135e-15, -2.18557e-07, 5, 4.62087, -1.90987, -8.3483e-08, 59.0156, 5.76331, 17.3117 )

[node name="Torus" parent="Objects" instance=ExtResource( 7 )]
transform = Transform( -2.18557e-07, -5, -2.18557e-07, 0, -2.18557e-07, 5, -5, 2.18557e-07, 9.55343e-15, 7.27536, 1.18158, 45.7717 )

[node name="Torus2" parent="Objects" instance=ExtResource( 7 )]
transform = Transform( 1.90987, 4.62087, 2.01984e-07, 0, -2.18557e-07, 5, 4.62087, -1.90987, -8.3483e-08, 30.5351, 3.37649, 43.7591 )

[node name="Seashell" parent="Objects" instance=ExtResource( 3 )]
transform = Transform( 1, 0, 0, 0, 1, 0, 0, 0, 1, 8.62126, -3.66081, 34.6463 )

[node name="Seashell2" parent="Objects" instance=ExtResource( 3 )]
transform = Transform( 2, 0, 0, 0, 2, 0, 0, 0, 2, 17.1382, -2.6476, 28.3787 )

[node name="Seashell5" parent="Objects" instance=ExtResource( 3 )]
transform = Transform( 0.120171, 0, -0.992753, 0, 1, 0, 0.992753, 0, 0.120171, 17.8125, -2.32064, 4.7046 )

[node name="Seashell4" parent="Objects" instance=ExtResource( 3 )]
transform = Transform( 0.120171, 0, -0.992753, 0, 1, 0, 0.992753, 0, 0.120171, 26.3294, -0.0191255, -1.56302 )

[node name="Seashell3" parent="Objects" instance=ExtResource( 3 )]
transform = Transform( 2.28563, 0, 1.94316, 0, 3, 0, -1.94316, 0, 2.28563, 17.1382, -1.21628, 13.6129 )

[node name="GemLike" parent="Objects" instance=ExtResource( 8 )]
transform = Transform( 4, 0, 0, 0, 4, 0, 0, 0, 4, -4.55434, 7.20109, 56.3416 )
script = ExtResource( 6 )
spin_rate = Vector3( 0, 4, 0 )

[node name="GemLike2" parent="Objects" instance=ExtResource( 8 )]
transform = Transform( 2, 0, 0, 0, 8, 0, 0, 0, 2, -58.544, 7.67746, 31.0239 )
script = ExtResource( 6 )
spin_rate = Vector3( 0, 4, 0 )

[node name="GemLike3" parent="Objects" instance=ExtResource( 8 )]
transform = Transform( 2, 0, 0, 0, 8, 0, 0, 0, 2, -47.116, 8.08537, 50.928 )
script = ExtResource( 6 )
spin_rate = Vector3( 0, 4, 0 )

[node name="Poly2" parent="Objects" instance=ExtResource( 11 )]
transform = Transform( 3, 0, 0, 0, 3, 0, 0, 0, 3, 39.4916, 11.931, 7.87809 )
script = ExtResource( 6 )
spin_rate = Vector3( 1, 1, 0 )

[node name="Poly1" parent="Objects" instance=ExtResource( 10 )]
transform = Transform( 1, 0, 0, 0, 1, 0, 0, 0, 1, 30.1228, -0.451084, -10.4447 )
script = ExtResource( 6 )
spin_rate = Vector3( 1, 1, 1 )

[node name="Poly3" parent="Objects" instance=ExtResource( 12 )]
transform = Transform( 6, 0, 0, 0, 6, 0, 0, 0, 6, 46.2099, 4.88839, 0.00538254 )
script = ExtResource( 6 )
spin_rate = Vector3( 0, 1.5, 0 )

[node name="Teapot" parent="Objects" instance=ExtResource( 13 )]
transform = Transform( 1, 0, 0, 0, 1, 0, 0, 0, 1, 2.22068, 0.0428276, -16.6926 )
script = ExtResource( 6 )
spin_rate = Vector3( 0, 2, 0 )

[node name="honeycomb" parent="Objects" instance=ExtResource( 14 )]
transform = Transform( -1.81059e-08, -1.41421, 1.41421, 2, -8.74228e-08, -6.18172e-08, 1.05529e-07, 1.41421, 1.41421, -28.9067, 5.07003, -0.683095 )

[node name="honeycomb2" parent="Objects" instance=ExtResource( 14 )]
transform = Transform( -1.31375e-08, -0.517638, 1.93185, 2, -8.74228e-08, -9.8239e-09, 8.69865e-08, 1.93185, 0.517638, -38.3236, 5.07003, 18.2335 )

[node name="honeycomb3" parent="Objects" instance=ExtResource( 14 )]
transform = Transform( -4.13285e-08, -1.73205, 1, 2, -8.74228e-08, -6.87638e-08, 1.03263e-07, 1, 1.73205, -55.1151, 8.65882, 13.7342 )
